@article{DataTrend,
    author = {Guo, Huadong and Wang, Lizhe and Chen, Fang and Liang, Dong},
    year = {2014},
    month = {12},
    pages = {1047},
    title = {Scientific big data and Digital Earth},
    volume = {59},
    journal = {Chinese Science Bulletin (Chinese Version)},
    doi = {10.1360/972013-1054}
}

@INPROCEEDINGS{BigData, 
    author={S. {Kaisler} and F. {Armour} and J. A. {Espinosa} and W. {Money}}, 
    booktitle={2013 46th Hawaii International Conference on System Sciences}, 
    title={Big Data: Issues and Challenges Moving Forward}, 
    year={2013}, 
    volume={}, 
    number={}, 
    pages={995-1004}, 
    keywords={data analysis;big data;data volumes;online storage systems;data transport;collaborative research program;data analysis;Information management;Data handling;Data storage systems;Distributed databases;Organizations;Media}, 
    doi={10.1109/HICSS.2013.645}, 
    ISSN={1530-1605}, 
    month={Jan},
}

@inproceedings{StreamProcessingInData,
    author = {Liu, Ying and Vijayakumar, Nithya and Plale, Beth},
    title = {Stream Processing in Data-driven Computational Science},
    booktitle = {Proceedings of the 7th IEEE/ACM International Conference on Grid Computing},
    series = {GRID '06},
    year = {2006},
    isbn = {1-4244-0343-X},
    pages = {160--167},
    numpages = {8},
    url = {https://doi.org/10.1109/ICGRID.2006.311011},
    doi = {10.1109/ICGRID.2006.311011},
    acmid = {1513958},
    publisher = {IEEE Computer Society},
    address = {Washington, DC, USA},
}
@article{8Requirements,
    author = {Stonebraker, Michael and \c{C}etintemel, U\v{g}ur and Zdonik, Stan},
    title = {The 8 Requirements of Real-time Stream Processing},
    journal = {SIGMOD Rec.},
    issue_date = {December 2005},
    volume = {34},
    number = {4},
    month = dec,
    year = {2005},
    issn = {0163-5808},
    pages = {42--47},
    numpages = {6},
    url = {http://doi.acm.org/10.1145/1107499.1107504},
    doi = {10.1145/1107499.1107504},
    acmid = {1107504},
    publisher = {ACM},
    address = {New York, NY, USA},
} 

@online{IBMprediction,
    author = {Louis Columbus},
    title = {IBM Predicts Demand For Data Scientists Will Soar 28\% By 2020},
    year = {2017},
    url = {https://www.forbes.com/sites/louiscolumbus/2017/05/13/ibm-predicts-demand-for-data-scientists-will-soar-28-by-2020},
} 
