@article{DataTrend,
    author = {Guo, Huadong and Wang, Lizhe and Chen, Fang and Liang, Dong},
    year = {2014},
    month = {12},
    pages = {1047},
    title = {Scientific big data and Digital Earth},
    volume = {59},
    journal = {Chinese Science Bulletin (Chinese Version)},
    doi = {10.1360/972013-1054}
}
@INPROCEEDINGS{BigData, 
    author={S. {Kaisler} and F. {Armour} and J. A. {Espinosa} and W. {Money}}, 
    booktitle={2013 46th Hawaii International Conference on System Sciences}, 
    title={Big Data: Issues and Challenges Moving Forward}, 
    year={2013}, 
    volume={}, 
    number={}, 
    pages={995-1004}, 
    keywords={data analysis;big data;data volumes;online storage systems;data transport;collaborative research program;data analysis;Information management;Data handling;Data storage systems;Distributed databases;Organizations;Media}, 
    doi={10.1109/HICSS.2013.645}, 
    ISSN={1530-1605}, 
    month={Jan},
}

@inproceedings{StreamProcessingInData,
    author = {Liu, Ying and Vijayakumar, Nithya and Plale, Beth},
    title = {Stream Processing in Data-driven Computational Science},
    booktitle = {Proceedings of the 7th IEEE/ACM International Conference on Grid Computing},
    series = {GRID '06},
    year = {2006},
    isbn = {1-4244-0343-X},
    pages = {160--167},
    numpages = {8},
    url = {https://doi.org/10.1109/ICGRID.2006.311011},
    doi = {10.1109/ICGRID.2006.311011},
    acmid = {1513958},
    publisher = {IEEE Computer Society},
    address = {Washington, DC, USA},
} 
@inproceedings{PvzKonfLt,
    author={A. Pavardenis and B. Pavardonis and C. Pavardauskas and D. Pavardinskas},
    title={Straipsnio pavadinimas},
    booktitle={Rinkinio pavadinimas},
    year={2002},
    publisher={Leidykla},
    address={Miestas, šalis},
    pages={3-15},
}

@inproceedings{PvzKonfEn,
    author={A. Surname and B. Tsurname and C. Usurname and D. Vsurname},
    title={Article title},
    booktitle={Conference book title},
    year={2002},
    publisher={Publisher},
    address={City, country},
    pages={3-15},
    langid={english},
}

@book{PvzKnygLt,  
    author={A. Pavardenis and B. Pavardonis and C. Pavardauskas},
    title={Knygos pavadinimas},
    publisher={Leidykla},
    year={2003},
    address={Miestas, šalis},
    note={172 psl.},
}

@book{PvzKnygEn,  
    author={A. Surname and B. Tsurname and C. Usurname},
    title={Book title},
    publisher={Publisher},
    year={2003},
    address={City, country},
    note={172 p.},
    langid={english},
}

@misc{PvzElPubLt,
    author={A. Pavardenis and B. Pavardonis and C. Šavardauskas},
    title={Elektroninės publikacijos pavadinimas},
    howpublished={\url{http://example.com/kelias/iki/straipsnio.pdf}},
    year={2004}, 
    note={45 KB, tikrinta 2015-02-01},
}

@misc{PvzElPubEn,
    author={A. Surname and B. Tsurname and C. Usurname},
    title={Online Source Title},
    howpublished={\url{http://example.com/path/to/the/article.pdf}},
    year={2004}, 
    note={45 KB, accessed 2015-02-01.},
    langid={english},
}

@mastersthesis{PvzMagistrLt,
    author={A. Pavardonis},
    title={Magistrinio darbo pavadinimas},
    school={Universiteto pavadinimas},
    year={2005},
}
